%Make sure ampersands in titles are escaped with a \

@inproceedings{jin,
   author = "Yan Jin and Yan Liao and Ali A. Minai and Marios M. Polycarpou",
   title  = "Balancing search and target response in cooperative unmanned aerial vehicle (UAV) teams",
   booktitle = " Systems, Man, and Cybernetics, Part B: IEEE Transactions on Cybernetics",
   year = "2005",
   month = "June",
   volume = "36",
   number = "3",
   pages = "571-587",
   url = "http://www.ece.uc.edu/~aminai/papers/jin_smc2006.pdf"
}
%http://citeseerx.ist.psu.edu/viewdoc/download?doi=10.1.1.77.9150&rep=rep1&type=pdf
%http://www.ece.uc.edu/~aminai/papers/jin_smc2006.pdf

@inproceedings{wheeler,
   author = "Matt Wheeler and Richard Wise and Rolf Rysdyk",
   title = "Autonomous Cooperative Geo-Location and Coordinated Tracking of Moving Targets",
   booktitle = "AIAA 2007 Conference and Exhibit",
   year = "2007",
   month = "May",
   number = "2852"  
}

@inproceedings{beard,
   author = "Randal Beard and Timothy McLain and Michael Goodrich",
   title  = "Coordinated Target Assignment and Intercept for Unmanned Air Vehicles",
   booktitle = "IEEE International Conference on Robotics \& Automation",
   year = "2002",
   month = "May",
   url = "http://citeseerx.ist.psu.edu/viewdoc/download?doi=10.1.1.6.6229&rep=rep1&type=pdf"
}

@inproceedings{bellingham,
   author = "John Bellingham and Michael Tillerson and Arthur Richards and Jonathan How",
   title  = "Multi-task allocation and path planning for cooperating UAVs",
   booktitle = "Conference on Coordination, Control and Optimization",
   year = "2001",
   month = "November",
   url = "http://acl.mit.edu/ccco.html"
}
